

@online{Wix,
author={Wix},
title={{Was ist künstliche Intelligenz und welche Art von KI gibt es?}},
url={https://de.wix.com/blog/beitrag/kuenstliche-intelligenz},
urldate={2024-01-11},
year={2024}
}


@online{bigdatainsider,
author={Stephan Luber and Nico Ritzer},
title={Was ist bestärkendes Lernen?},
url={https://www.bigdata-insider.de/was-ist-bestaerkendes-lernen-a-865378/},
urldate={2024-09-25},
year={2019}
}

@online{bigdatainsider2,
author={Stephan Luber},
title={Was ist künstliche Intelligenz?},
url={https://www.bigdata-insider.de/was-ist-kuenstliche-intelligenz-artificial-intelligence-a-f19098e0485125aa06f9cecb88362bcf/},
urldate={2024-09-25},
year={2024}
}

@online{thats-AI,
author={Arnaud Miribel},
title={Die Grundbausteine der KI},
url={https://www.thats-ai.org/de-CH/units/die-grundbausteine-der-ki},
urldate={2024-09-25},
year={2024}
}

@online{thats-AI-2,
author={Michael Notter and Christian Luebbe and Arnaud Miribel},
title={KI 2 Buchstaben, viele Bedeutungen},
url={https://www.thats-ai.org/de-CH/units/ki-zwei-buchstaben-viele-bedeutungen},
urldate={2024-09-25},
year={2024}
}